<?xml version="1.0" encoding="UTF-8"?><collection xmlns="http://www.loc.gov/MARC21/slim"><record><leader>00409nam--2200145-i-4500</leader><controlfield tag="001">000004690</controlfield><controlfield tag="002">20161230</controlfield><controlfield tag="005">20170211153617</controlfield><controlfield tag="008">060222s1000------------r-----000-0-eng-d</controlfield><datafield ind1=" " ind2=" " tag="100"><subfield code="a">Cowan, Clyde L</subfield></datafield><datafield ind1=" " ind2=" " tag="245"><subfield code="a">The large liquid scintillation detector as a neutron spectrometer</subfield></datafield><datafield ind1=" " ind2=" " tag="260"><subfield code="b">Los Alamos Scientific Laboratory</subfield><subfield code="c">1957</subfield></datafield><datafield ind1=" " ind2=" " tag="300"><subfield code="a">5 p</subfield></datafield><datafield ind1=" " ind2=" " tag="700"><subfield code="a">Reines, Frederick</subfield></datafield><datafield ind1=" " ind2=" " tag="CAT"><subfield code="a">SYS</subfield><subfield code="c">20170211</subfield><subfield code="h">153617</subfield></datafield></record></collection>